<record xmlns:xsi="http://www.w3.org/2001/XMLSchema-instance" xmlns="http://www.loc.gov/MARC21/slim" xsi:schemaLocation="http://www.loc.gov/MARC21/slim http://www.loc.gov/standards/marcxml/schema/MARC21slim.xsd">

  <leader>00509nam a2200121Ia 4500</leader>
  <datafield ind2=" " ind1=" " tag="090">
    <subfield code="a">CD #133</subfield>
  </datafield>
  <datafield ind1=" " tag="100" ind2=" ">
    <subfield code="a">sin nombre</subfield>
  </datafield>
  <datafield ind2=" " ind1=" " tag="245">
    <subfield code="a">Expo 2005. Congreso ANDE</subfield>
  </datafield>
  <datafield ind2=" " tag="260" ind1=" ">
    <subfield code="a">sin lugar : </subfield>
    <subfield code="b">sin editorial, </subfield>
    <subfield code="c">2005</subfield>
  </datafield>
  <datafield ind1=" " tag="300" ind2=" ">
    <subfield code="a">Disco Compacto</subfield>
  </datafield>
  <datafield ind2=" " tag="500" ind1=" ">
    <subfield code="a">Incluye tres presentaciones en Power Point tituladas: Aspectos básicos a considerar en la formación de educadores; Comisión costarricense de cooperación con la unesco con el taller: "los docentes que el país necesita en nuestras aulas.</subfield>
  </datafield>
  <datafield ind2=" " ind1=" " tag="942">
    <subfield code="p">003444 </subfield>
  </datafield>
  <datafield ind1=" " tag="999" ind2=" ">
    <subfield code="c">2445</subfield>
    <subfield code="d">2445</subfield>
  </datafield>
</record>